@Misc{STM32_Datasheet,
  author       = {ST},
  title        = {STM32F103x8 Datasheet},
  url          = {https://www.st.com/resource/en/datasheet/stm32f103v8.pdf},
  note         = {Zuletzt aufgerufen am: 14.10.2020}
}

@Misc{ESP8266_Datasheet,
  author       = {Espressif Systems},
  title        = {ESP-WROOM-02 Datasheet},
  url          = {https://www.espressif.com/sites/default/files/documentation/0c-esp-wroom-02_datasheet_en.pdf},
  note         = {Zuletzt aufgerufen am: 30.4.2021}
}

@Misc{AN3109,
  author       = {ST},
  title        = {Communication peripheral FIFO emulation with DMAand DMA timeout in STM32F10x microcontrollers},
  url          = {https://www.st.com/en/embedded-software/stsw-stm32027.html},
  note         = {Zuletzt aufgerufen am: 30.4.2021}
}

@Misc{HAL_Description,
  author       = {ST},
  title        = {Description of STM32F1 HAL and low-layer drivers},
  url          = {https://www.st.com/en/embedded-software/stm32cube-mcu-mpu-packages.html?querycriteria=productId=LN1897#overview},
  note         = {Zuletzt aufgerufen am: 30.4.2021}
}

@Misc{STM32_Ref,
  author       = {ST},
  title        = {RM0008 Reference Manual},
  url          = {https://www.st.com/en/microcontrollers-microprocessors/stm32f103.html#overviewt},
  note         = {Zuletzt aufgerufen am: 30.4.2021}
}


@Misc{AN3116,
  author       = {ST},
  title        = {STM32™’s ADC modes and their applications},
  url          = {https://www.st.com/en/embedded-software/stsw-stm32028.html},
  note         = {Zuletzt aufgerufen am: 30.4.2021}
}

@book{MasteringSTM,
  author         = {Carmine Noviello},
  title          = {Mastering STM32},
  publisher      = {Learnpub},
  year           = {2018}
}

@book{Bussysteme,
  author         = {Klaus Dembowski},
  title          = {Computerschnittstellen und Bussysteme : für PC, Tablets, Smartphones und Embedded-Systeme},
  publisher      = {VDE Verlag},
  year           = {2016}
}

@book{Mikroprozessortechnik,
  author         = {Helmut Müller},
  title          = {Mikroprozessortechnik},
  publisher      = {Vogel Buchverlag},
  year           = {2012}
}

@misc{ImgParitaet,
  author       = {RosarioVanTulpe},
  title        = {Codetafel – dualergänztes gerades Paritätsbit (E = even = gerade)},
  url          = {https://de.wikipedia.org/wiki/Parit%C3%A4tsbit#/media/Datei:Code_Even_dualergaenzt.svg},
  note         = {Zuletzt aufgerufen am: 4.5.2021}
}

@misc{IK_VL,
  author       = {Dr. Christof Hübner},
  title        = {Industrielle Kommunikationstechnik},
  year         = {Sommersemester 2020}
}

@misc{Baud,
  author       = {Mikrocontroller.net},
  title        = {Baud},
  url          = {https://www.mikrocontroller.net/articles/Baud},
  note         = {Zuletzt aufgerufen am: 6.5.2021},
}

@misc{ImgRXTX,
  author       = {Sparkfun},
  title        = {Wiring and Hardware},
  url          = {https://cdn.sparkfun.com/assets/2/5/c/4/5/50e1ce8bce395fb62b000000.png},
  note         = {Zuletzt aufgerufen am: 6.5.2021},
}

@misc{ImgBuffer,
  author       = {Cburnett},
  title        = {An empty 7-element circular buffer.},
  url          = {https://en.wikipedia.org/wiki/Circular_buffer#/media/File:Circular_buffer_-_empty.svg},
  note         = {Zuletzt aufgerufen am: 9.5.2021},
}

@misc{IoTGateway,
  author       = {Julius Bartel},
  title        = {Entwicklung eines IoT-Gateways},
  year         = {Wintersemester 2020}
}

@misc{CubeMX,
  author       = {ST},
  title        = {CubeMX},
  url          = {https://www.st.com/en/development-tools/stm32cubemx.html},
  note         = {Zuletzt aufgerufen am: 11.5.2021}
}